
@TechReport{DeharbeInterfaces09,
  author    = {David D{\'e}harbe and
               Bruno G. Gomes and
               Anamaria M. Moreira},
  title     = {Refining {I}nterfaces: {T}he {C}ase of the {B} {M}ethod},
  year      = {2009},
  institution = {Federal University of Rio Grande do Norte},
  note = {To appear}
}


@incollection {Gomes10,
   author = {Gomes, B. and D\'{e}harbe, D. and Martins Moreira, A. and Moraes, K.},
   affiliation = {Federal University of Rio Grande do Norte (UFRN) Natal {RN} {B}razil},
   title = {Applying the {B} Method for the Rigorous Development of Smart Card Applications},
   booktitle = {Abstract State Machines, {A}lloy, {B} and {Z}},
   series = {Lecture Notes in Computer Science},
   OPTeditor = {Frappier, Marc and Glässer, Uwe and Khurshid, Sarfraz and Laleau, Régine and Reeves, Steve},
   OPTpublisher = {Springer Berlin / Heidelberg},
   isbn = {978-3-642-11810-4},
   pages = {203-216},
   volume = {5977},
   url = {http://dx.doi.org/10.1007/978-3-642-11811-1\_16},
   OPTnote = {10.1007/978-3-642-11811-1\_16},
   year = {2010}
}

@inproceedings{Bsmart08,
  author    = {D. D{\'e}harbe and
               B. Gurgel Gomes and
               A. Martins Moreira},
  title     = {BSmart: {A} {T}ool for the {D}evelopment of {J}ava {C}ard {A}pplications
               with the {B} {M}ethod},
   booktitle = {Abstract State Machines,  B and Z},
   series = {Lecture Notes in Computer Science},
   editor = {Börger, Egon and Butler, Michael and Bowen, Jonathan and Boca, Paul},   publisher = {Springer Berlin / Heidelberg},   isbn = {978-3-540-87602-1},   volume = {5238},  year      = {2008},
  pages     = {351-352},
  ee        = {http://dx.doi.org/10.1007/978-3-540-87603-8_39}
}



@InProceedings{deharbe06developing,
  author = {David Deharbe and Bruno Gurgel Gomes and Anamaria Martins Moreira},
  title = {Automation of {J}ava {C}ard component development using the {B} method},
  booktitle = {ICECCS},
  OPTvolume = {0},
  year = {2006},
  isbn = {0-7695-2530-X},
  pages = {259-268},
  doi = {http://doi.ieeecomputersociety.org/},
  publisher = {IEEE Comp. Soc.},
  OPTaddress = {Los Alamitos, CA, USA}
}

@InProceedings{gomes05developing,
  author =   {Bruno Gomes and Anamaria Martins Moreira and David D\'{e}harbe},
  title =    {Developing {J}ava {C}ard Applications with \uppercase{B}},
  booktitle = {Brazilian Symposium on Formal Methods (SBMF)},
  pages =    {63-77},
  year =     {2005}
}

@InProceedings{PNetoJCML,
  author =   {Umberto Costa and A. Moreira and M. Musicante and P. Neto},
  title =    {Specification and Runtime Verification of Java Card Programs},
  booktitle = {Brazilian Symp. on Formal Methods},
  year =     {2008}
}

@Book{rankl:2003,
  author =   {Wolfgang Rankl and Wolfgang Effing},
  title =    {Smart Card Handbook},
  publisher =    {John Wiley},
  year =     {2003},
  OPTaddress =      {Baffins Lane},
  OPTedition =      {3rd.}
}

@Book{chen:2000,
  author =   {Chen, Zhiqun},
  title =    {Java Card Technology for Smart Cards: Architecture and Programmer's Guide},
  OPTaddress =      {Boston},
  publisher =    {Addison Wesley},
  year =     {2000}
}

@Book{BBook,
  author =       {J.-R. Abrial},
  title =        {The B-Book: Assigning Programs to Meanings},
  publisher =    {Cambridge U. Press},
  year =         {1996}
}


@InProceedings{bert:2003,
  author =   {Didier Bert and others},
  title =    {Adaptable Translator of \uppercase{B} Specifications to Embedded \uppercase{C} Programs},
  OPTcrossref =  {},
  OPTkey =   {},
  booktitle = {FME},
  pages =    {94-113},
  year =     {2003},
  OPTeditor =    {},
  volume =   {2805},
  OPTnumber =    {},
  series =   {LNCS},
  OPTaddress =      {Pisa},
  month =    {sept.},
  OPTorganization = {FME 2003: Formal Methods},
  OPTpublisher = {Springer-Verlag},
  OPTnote =      {},
  OPTannote =    {}
}

@InProceedings{idani:2004,
  author =   {A. Idani and Y. Ledru},
  title =    {Object Oriented Concepts Identifications from Formal \uppercase{B} Specifications},
  OPTcrossref =  {},
  OPTkey =   {},
  booktitle = {FMICS},
  pages =    {},
  year =     {2004},
  OPTeditor =    {},
  OPTvolume =    {},
  OPTnumber =    {},
  OPTseries =    {},
  OPTaddress =      {Linz},
  month =    {sept.},
  OPTorganization = {9th Int. Workshop on Formal Methods for Industrial Critical Systems (FMICS'04)},
  publisher = {},
  OPTnote =      {},
  OPTannote =    {}
}

@InProceedings{tatibouet:2002,
    author = {B. Tatibouet and A. Hammad and J. C. Voisinet},
    title = {From Abstract \uppercase{B} Specification to \uppercase{UML} Class Diagrams},
    booktitle = {ISSPIT},
    OPTaddress = {Marrakech},
    OPTmonth = {dec.},
    year = {2002}
}

@inproceedings{tatibouet:lncs,
author = {Tatibouet, B. and Requet, A. and Voisinet, J.C. and Hammad, A.},
title = {Java {C}ard Code Generation from {B} Specifications},
booktitle = {ICFEM},
series = {LNCS},
volume = 2885,
pages = {306--318},
OPTaddress = {Singapore},
OPTmonth = nov,
year = 2003,
}

@Misc{atelierB,
  author =   {Clearsy},
  title =    {Atelier {B}: version 4.0},
  howpublished = {Avaliable in \url{http://www.atelierb.eu/}},
  institution =  {Clearsy System Engineering},
  year        =  {2012},
  note =     {last access: march 2012}
}

@InProceedings{METEOR,
  author =   {Patrick Behm and Paul Benoit and Alain Faivre and Jean-Marc Meynadier},
  title =    {M\'et\'eor: A Successful Application of \uppercase{B} in a Large Project},
  booktitle =  {Formal Methods 99},
  year =      {1999},
  volume =   {1708},
  series =   {LNCS}
}

@inproceedings{JBtools,
 author = {J. C. Voisinet},
 title = {{JB}tools: an experimental platform for the formal {B} method},
 booktitle = {Principles and Practice of Programming (PPPJ'02)},
 year = {2002},
 isbn = {0 901519 87 1},
 pages = {137--139},
 location = {Dublin, Ireland},
 publisher = {NUI},
 address = {Maynooth, Ireland},
 }
 
 @article{MondexButler,
 author = {Butler, Michael and Yadav, Divakar},
 title = {An {I}ncremental {D}evelopment of the {M}ondex {S}ystem in {E}vent-{B}},
 journal = {Formal Aspects of Computing},
 volume = {20},
 number = {1},
 year = {2007},
 issn = {0934-5043},
 pages = {61--77},
 doi = {http://dx.doi.org/10.1007/s00165-007-0061-4},
 publisher = {Springer},
 address = {London, UK}
 }

@InProceedings{marinho07batcave,
  author = 	 {E. Marinho and V. Medeiros~Jr and C. Tavares and D. D\'{e}harbe},
  title = 	 {{B}atcave - Um ambiente de {V}erifica\c c\~ao {A}utom\'atica para o {M}\'etodo {B}},
  OPTcrossref =  {},
  OPTkey = 	 {},
  booktitle = {SBMF},
  pages = 	 {184--184},
  year = 	 {2007}
}

@Misc{TXL,
	author={J.R. Cordy},
	title={The {TXL}  {P}rogramming {L}anguage},
	year={2009},
	note={Available on: http://www.txl.ca/index.html. Accessed on: jul. 2009. }
}

@InProceedings{requetBtoC,
  author =       "Antoine Requet and Ga{\"e}lle Bossu",
  title =        "Embedded Formally Proved Code in a Smart Card:
                 Converting {B} to {C}",
  booktitle =    "Third International Conference on Formal Engineering
                 Methods (ICFEM'00)",
  pages =        "15-",
  year =         "2000",
  address = "York, UK",
  publisher = "IEEE Computer Society"
}

@article{SnookUML-B06,
 author = {Snook, Colin and Butler, Michael},
 title = {UML-B: Formal modeling and design aided by UML},
 journal = {ACM Trans. Softw. Eng. Methodol.},
 volume = {15},
 number = {1},
 year = {2006},
 issn = {1049-331X},
 pages = {92--122},
 doi = {http://doi.acm.org/10.1145/1125808.1125811},
 publisher = {ACM},
 address = {New York, NY, USA},
 }
 
 @InProceedings{meijerPoll01,
  author =       "H. Meijer and E. Poll",
  title =        "Towards a full formal specification of the {Java Card
                 API}",
  booktitle =    "Smart Card Programming and Security",
  series =       "LNCS",
  publisher =    "Springer",
  year =         "2001",
  number =       "2140",
  pages =        "165--178",
}

@Article{pollBerg01,
  author =       "Erik Poll and Joachim van den Berg and Bart Jacobs",
  title =        "{Formal specification of the {Java Card API} in {JML}:
                 the {APDU} class}",
  journal =      "Computer Networks",
  publisher =    "Elsevier Science",
  year =         "2001",
  volume =       "36",
  number =       "4",
  pages =        "407--421",
}


@article{Larsson:2004,
 author = {Larsson, Daniel and Mostowski, Wojciech},
 title = {{Specifying Java Card API in OCL}},
 journal = {Electron. Notes Theor. Comput. Sci.},
 issue_date = {November, 2004},
 volume = {102},
 month = nov,
 year = {2004},
 issn = {1571-0661},
 pages = {3--19},
 numpages = {17},
 url = {http://dx.doi.org/10.1016/j.entcs.2003.09.001},
 doi = {10.1016/j.entcs.2003.09.001},
 acmid = {1705811},
 publisher = {Elsevier Science Publishers B. V.},
 address = {Amsterdam, The Netherlands, The Netherlands},
} 


  
@Misc{ortiz1intro:2003,
  author =       "Enrique C. Ortiz",
  title =        "{A}n {I}ntroduction to {J}ava {C}ard {T}echnology",
  howpublished = "Avaliable in \url{http://www.oracle.com/technetwork/java/javacard/javacard1-139251.html}",
  subtitle =     "Part 1",
  institution =  "{SUN MICROSYSTEMS INC.}",
  year =         "2003",
  note =         "Last access: march 2012"
}

@Misc{globalplatform,
  author = "{Global Platform}",
  title = "{G}lobal {P}latform {W}eb site",
  howpublished = "Available on:
                 http://www.globalplatform.org/",
  note = "Acessed on: sept. 2009", 
  year = "2009"              
}

@Misc{pcsc,
  author = "{PC/SC Workgroup}",
  title = "{PC/SC} {W}orkgroup {W}eb site",
  howpublished = "Available on:
                 http://www.sun.com/aboutsun/media/presskits/javaone2005",
  note = "Acessed on: 02/16/2009", 
  year = "2009"              
}

@Book{hansmann02jc,
  author =       "Uwe Hansmann and Martin Nicklous and Thomas Sch{\"a}ck
                 and Achim Schneider and Frank Seliger",
  title =        "Smart Card Application Development Using Java",
  address =      "Berlim",
  publisher =    "Springer",
  year =         "2002",
}

@incollection {proB,
   author = {Leuschel, M. and Butler, M.},
   title = {{ProB}: A Model Checker for {B}},
   booktitle = {FME 2003: Formal Methods},
   series = {Lecture Notes in Computer Science},
   address = {Berlin},
   publisher = {Springer Berlin / Heidelberg},
   pages = {855-874},
   volume = {2805},
   year = {2003}
}



@Misc{oracle,
author = {Oracle Technology Network},
title = {{J}ava {C}ard {P}latform {S}pecification 2.2.2},
howpublished = {Avaliable in \url{http://www.oracle.com/technetwork/java/javacard/specs-138637.html}},
year = {2012},
note = {Las access: march 2012},
}

}
